<?xml version="1.0" encoding="utf-8"?>
<record xmlns="http://www.loc.gov/MARC21/slim" xmlns:xsi="http://www.w3.org/2001/XMLSchema-instance" xsi:schemaLocation="http://www.loc.gov/MARC21/slim http://www.loc.gov/standards/marcxml/schema/MARC21slim.xsd">
	<leader>     nam a22        4500</leader>
	<controlfield tag="001">6049580</controlfield>
	<controlfield tag="003">NIC</controlfield>
	<controlfield tag="006">m        d        </controlfield>
	<controlfield tag="007">cr cn |||m|||a</controlfield>
	<controlfield tag="008">150505m19009999ua      obd  f001 0 arar </controlfield>
	<datafield ind1=" " ind2=" " tag="040">
		<subfield code="a">NNU</subfield>
		<subfield code="b">eng</subfield>
		<subfield code="e">rda</subfield>
		<subfield code="c">NNU</subfield>
	</datafield>
	<datafield ind1="0" ind2="0" tag="050">
		<subfield code="a">PJ6620</subfield>
		<subfield code="b">.U4 1983</subfield>
	</datafield>
	<datafield ind1="1" ind2=" " tag="100">
		<subfield code="6">880-01</subfield>
		<subfield code="a">ʻUkbarī, ʻAbd Allāh ibn al-Ḥusayn,</subfield>
		<subfield code="d">1143 or 1144-1219.</subfield>
	</datafield>
	<datafield ind1="1" ind2="0" tag="240">
		<subfield code="6">880-02</subfield>
		<subfield code="a">Iṣlāḥ al-manṭiq</subfield>
	</datafield>
	<datafield ind1="1" ind2="3" tag="245">
		<subfield code="6">880-03</subfield>
		<subfield code="a">al-Mashūf al-muʻlam fī tartīb al-Iṣlāḥ ʻalá ḥurūf al-muʻjam /</subfield>
		<subfield code="c">taṣnīf Abī al-Baqāʼ ʻAbd Allāh ibn al-Ḥusayn al-ʻUkbarī al-Ḥanbalī ; taḥqīq Yāsīn Muḥammad al-Sawwās.</subfield>
	</datafield>
	<datafield ind1=" " ind2=" " tag="260">
		<subfield code="6">880-04</subfield>
		<subfield code="a">al-Mamlakah al-ʻArabīyah al-Saʻūdīyah :</subfield>
		<subfield code="b">Jāmiʻat Umm al-Qurá, Markaz al-Baḥth al-ʻIlmī wa-Iḥyāʼ al-Turāth al-Islāmī, Kullīyat al-Sharīʻah wa-al-Dirāsāt al-Islāmīyah,</subfield>
		<subfield code="c">&lt;1983-&gt;</subfield>
	</datafield>
	<datafield ind1=" " ind2=" " tag="300">
		<subfield code="a">online resource (volumes &lt;1-2&gt;)</subfield>
	</datafield>
	<datafield ind1=" " ind2=" " tag="336">
		<subfield code="a">text</subfield>
		<subfield code="2">rdacontent</subfield>
	</datafield>
	<datafield ind1=" " ind2=" " tag="337">
		<subfield code="a">computer</subfield>
		<subfield code="2">rdamedia</subfield>
	</datafield>
	<datafield ind1=" " ind2=" " tag="338">
		<subfield code="a">online resource</subfield>
		<subfield code="2">rdacarrier</subfield>
	</datafield>
	<datafield ind1="1" ind2=" " tag="490">
		<subfield code="6">880-05</subfield>
		<subfield code="a">Min al-turāth al-Islāmī ;</subfield>
		<subfield code="v">al-kitāb 27</subfield>
	</datafield>
	<datafield ind1=" " ind2=" " tag="500">
		<subfield code="a">Part of the Arabic Collections Online (ACO) project, contributed by Cornell University Libraries.</subfield>
	</datafield>
	<datafield ind1=" " ind2=" " tag="504">
		<subfield code="a">Includes bibliographical references (v. 2, pages 1031-1041).</subfield>
	</datafield>
	<datafield ind1=" " ind2=" " tag="500">
		<subfield code="a">Includes indexes.</subfield>
	</datafield>
	<datafield ind1=" " ind2=" " tag="533">
		<subfield code="a">Electronic reproduction.</subfield>
		<subfield code="b">New York, N.Y. :</subfield>
		<subfield code="c">New York University,</subfield>
		<subfield code="d">2015.</subfield>
		<subfield code="5">NNU</subfield>
	</datafield>
	<datafield ind1=" " ind2="0" tag="650">
		<subfield code="a">Arabic language</subfield>
		<subfield code="v">Dictionaries</subfield>
		<subfield code="v">Early works to 1700.</subfield>
	</datafield>
	<datafield ind1=" " ind2="7" tag="650">
		<subfield code="a">Arabic language.</subfield>
		<subfield code="2">fast</subfield>
		<subfield code="0">(OCoLC)fst00812287</subfield>
	</datafield>
	<datafield ind1=" " ind2="7" tag="655">
		<subfield code="a">Dictionaries.</subfield>
		<subfield code="2">fast</subfield>
		<subfield code="0">(OCoLC)fst01423826</subfield>
	</datafield>
	<datafield ind1=" " ind2="7" tag="655">
		<subfield code="a">Early works.</subfield>
		<subfield code="2">fast</subfield>
		<subfield code="0">(OCoLC)fst01411636</subfield>
	</datafield>
	<datafield ind1="1" ind2=" " tag="700">
		<subfield code="6">880-06</subfield>
		<subfield code="a">Sawwās, Yāsīn Muḥammad.</subfield>
	</datafield>
	<datafield ind1="2" ind2=" " tag="710">
		<subfield code="a">Cornell University.</subfield>
		<subfield code="b">Libraries.</subfield>
	</datafield>
	<datafield ind1="0" ind2=" " tag="730">
		<subfield code="a">Arabic Collections Online.</subfield>
	</datafield>
	<datafield ind1="0" ind2="8" tag="776">
		<subfield code="i">Online version:</subfield>
		<subfield code="a">ʻUkbarī, ʻAbd Allāh ibn al-Ḥusayn, 1143 or 4-1219.</subfield>
		<subfield code="s">Iṣlāḥ al-manṭiq.</subfield>
		<subfield code="t">Mashūf al-muʻlam fī tartīb al-Iṣlāḥ ʻalá ḥurūf al-muʻjam.</subfield>
		<subfield code="d">al-Mamlakah al-ʻArabīyah al-Saʻūdīyah : Jāmiʻat Umm al-Qurá, Markaz al-Baḥth al-ʻIlmī wa-Iḥyāʼ al-Turāth al-Islāmī, Kullīyat al-Sharīʻah wa-al-Dirāsāt al-Islāmīyah, &lt;1983-&gt;</subfield>
		<subfield code="w">(OCoLC)811869649</subfield>
	</datafield>
	<datafield ind1="0" ind2="8" tag="776">
		<subfield code="i">Print version:</subfield>
		<subfield code="a">ʻUkbarī, ʻAbd Allāh ibn al-Ḥusayn, 1143 or 1144-1219.</subfield>
		<subfield code="t">al-Mashūf al-muʻlam fī tartīb al-Iṣlāḥ ʻalá ḥurūf al-muʻjam</subfield>
		<subfield code="w">(NIC)6049580</subfield>
		<subfield code="w">(DLC)   85964085 </subfield>
		<subfield code="w">(OCoLC)16129154</subfield>
	</datafield>
	<datafield ind1=" " ind2="0" tag="830">
		<subfield code="6">880-07</subfield>
		<subfield code="a">Min al-turāth al-Islāmī (Jāmiʻat Umm al-Qurá. Markaz al-Baḥth al-ʻIlmī wa-Iḥyāʼ al-Turāth al-Islāmī) ;</subfield>
		<subfield code="v">al-kitāb 27.</subfield>
	</datafield>
	<datafield ind1="4" ind2="0" tag="856">
		<subfield code="u">http://hdl.handle.net/2333.1/41ns1tt8</subfield>
	</datafield>
	<datafield ind1="1" ind2=" " tag="880">
		<subfield code="6">100-01/r</subfield>
		<subfield code="a">عکبري، عبد الله بن الحسين،</subfield>
		<subfield code="d">1143 or 1144-1219.</subfield>
	</datafield>
	<datafield ind1="1" ind2="0" tag="880">
		<subfield code="6">240-02/r</subfield>
		<subfield code="a">إصلاح المنطق</subfield>
	</datafield>
	<datafield ind1="1" ind2="3" tag="880">
		<subfield code="6">245-03/r</subfield>
		<subfield code="a">المشوف المعلم في ترتيب الإصلاح على حروف المعجم /</subfield>
		<subfield code="c">تصنيف أبي البقاء عبد الله بن الحسين العکبري الحنبلي ؛ تحقيق ياسين محمد السواس.</subfield>
	</datafield>
	<datafield ind1=" " ind2=" " tag="880">
		<subfield code="6">260-04/r</subfield>
		<subfield code="a">[مکة] :</subfield>
		<subfield code="b">جامعة أم القرى، مرکز البحث العلمي وإحياء التراث الإسلامي، کلية الشريعة والدراسات الإسلامية،</subfield>
		<subfield code="c">١٩٨٣.</subfield>
	</datafield>
	<datafield ind1="1" ind2=" " tag="880">
		<subfield code="6">490-05/r</subfield>
		<subfield code="a">من التراث الإسلامي ؛</subfield>
		<subfield code="v">٢٧</subfield>
	</datafield>
	<datafield ind1="1" ind2=" " tag="880">
		<subfield code="6">700-06/r</subfield>
		<subfield code="a">سواس، ياسين محمد.</subfield>
	</datafield>
	<datafield ind1=" " ind2="0" tag="880">
		<subfield code="6">830-07/r</subfield>
		<subfield code="a">من التراث الإسلامي (جامعة أم القرى، مرکز البحث العلمي وإحياء التراث الإسلامي) ؛ ;</subfield>
		<subfield code="v">٢٧.</subfield>
	</datafield>
	<datafield ind1=" " ind2=" " tag="959">
		<subfield code="a">NNU</subfield>
		<subfield code="b">WEB</subfield>
		<subfield code="c">GENI</subfield>
		<subfield code="t">0</subfield>
		<subfield code="m">Electronic access</subfield>
		<subfield code="s">01</subfield>
	</datafield>
	<datafield ind1=" " ind2=" " tag="999">
		<subfield code="i">NIC_6049580</subfield>
		<subfield code="o">(OCoLC)ocm16129154</subfield>
		<subfield code="s">cornell_aco000183:v.1</subfield>
		<subfield code="s">cornell_aco000184:v.2</subfield>
	</datafield>
</record>
